<?xml version="1.0" encoding="UTF-8"?>
<collection xmlns:xsi="http://www.w3.org/2001/XMLSchema-instance" xsi:schemaLocation="http://www.loc.gov/MARC21/slim http://www.loc.gov/standards/marcxml/schema/MARC21slim.xsd" xmlns="http://www.loc.gov/MARC21/slim">
<record>
  <leader>00830nam a22001811  4500</leader>
  <controlfield tag="001">3093050</controlfield>
  <controlfield tag="003">NNC</controlfield>
  <controlfield tag="005">20030429142358.0</controlfield>
  <controlfield tag="008">010926s1935    ua            000 0 ara d</controlfield>
  <datafield tag="035" ind1=" " ind2=" ">
    <subfield code="a">(OCoLC)ocm48032591</subfield>
  </datafield>
  <datafield tag="035" ind1=" " ind2=" ">
    <subfield code="9">ATS1316CU</subfield>
  </datafield>
  <datafield tag="040" ind1=" " ind2=" ">
    <subfield code="a">ZCU</subfield>
    <subfield code="c">ZCU</subfield>
  </datafield>
  <datafield tag="099" ind1=" " ind2=" ">
    <subfield code="a">892.7K84</subfield>
    <subfield code="a">DZ</subfield>
  </datafield>
  <datafield tag="100" ind1="1" ind2=" ">
    <subfield code="a">Zanjānī, Abū ʻAbd Allāh.</subfield>
  </datafield>
  <datafield tag="245" ind1="1" ind2="0">
    <subfield code="a">Taʾrīkh al-Qurʾān;</subfield>
    <subfield code="b">kitāb wajīz yabḥath ʻan sīrat al-Nabīy al-akram, waʹl-Qurʾān al-karīm, waʹl-adwār allatī marrat bihī min ḥaithu kitābatihī wajamʻihī watartībihī watarjamatihī ilā sāʾir al-lughāt;</subfield>
    <subfield code="c">taʾlīf Abī-ʻAbdiʹllāh al-Zanjānī, wamuṣaddar bimuqaddimah li Aḥmad Amīn.</subfield>
  </datafield>
  <datafield tag="260" ind1=" " ind2=" ">
    <subfield code="a">al-Qāhirah,</subfield>
    <subfield code="b">Maṭb. Lajnat al-Taʾlīf waʹl-Tarjamah waʹl-Nashr,</subfield>
    <subfield code="c">1345 h., 1935 m.</subfield>
  </datafield>
  <datafield tag="300" ind1=" " ind2=" ">
    <subfield code="a">20, 83 p.</subfield>
  </datafield>
  <datafield tag="955" ind1=" " ind2=" ">
    <subfield code="b">CU58906495</subfield>
    <subfield code="d">off,glx</subfield>
    <subfield code="e">892.7K84 DZ</subfield>
  </datafield>
</record>
</collection>